% Encoding: UTF-8

@Electronic{spotify,
  author = {SpotifyAB},
  year   = {2018},
  title  = {Get Audio Features for a Track - Audio Features Object},
  url    = {https://developer.spotify.com/documentation/web-api/reference/tracks/get-audio-features/},
}

@Electronic{saleDB,
  author       = {RIAA},
  year         = {2018},
  title        = {U.S. Sales Database},
  organization = {Recording Industry Association of America},
  note         = {Reported figures have been adjusted for inflation},
  url          = {https://www.riaa.com/u-s-sales-database/},
}

@Comment{jabref-meta: databaseType:bibtex;}
